@article{blah,
author = {},
title = {},
year = {},
journal = {},
volume = {},
pages = {}
}

@article{Sigaki20,
author = {Sigaki, H. Y. D. and others},
title = {Learning physical properties of liquid crystals with
deep convolutional neural networks},
year = {2020},
journal = {Scientific Reports},
volume = {10},
pages = {7664}
}

@article{Minor20,
author = {Minor, E. N. and others},
title = {End-to-end machine learning for experimental
physics: using simulated data to train a neural
network for object detection in video microscopy},
year = {2020},
journal = {Soft Matter},
volume = {16},
pages = {1751}
}
