@article{Heaton20,
author = {Heaton, J},
year = {2020},
title = {Classification of liquid crystal textures using machine learning}
}

@article{Sigaki20,
author = {Sigaki, H. Y. D. and others},
title = {Learning physical properties of liquid crystals with
deep convolutional neural networks},
year = {2020},
journal = {Scientific Reports},
volume = {10},
pages = {7664}
}

@article{Minor20,
author = {Minor, E. N. and others},
title = {End-to-end machine learning for experimental
physics: using simulated data to train a neural
network for object detection in video microscopy},
year = {2020},
journal = {Soft Matter},
volume = {16},
pages = {1751}
}

@article{Inokuchi20,
author = {Takuya Inokuchi and Ryosuke Okamoto and Noriyoshi Arai},
title = {Predicting molecular ordering in a binary liquid crystal using machine learning},
journal = {Liquid Crystals},
volume = {47},
number = {3},
pages = {438--448},
year  = {2020}
}

@article{Walters19,
  title = {Machine learning topological defects of confined liquid crystals in two dimensions},
  author = {Walters, Michael and Wei, Qianshi and Chen, Jeff Z. Y.},
  journal = {Phys. Rev. E},
  volume = {99},
  issue = {6},
  pages = {062701},
  year = {2019}
}

@article{Sigaki19,
  title = {Estimating physical properties from liquid crystal textures via machine learning and complexity-entropy methods},
  author = {Sigaki, H. Y. D. and de Souza, R. F. and de Souza, R. T. and Zola, R. S. and Ribeiro, H. V.},
  journal = {Phys. Rev. E},
  volume = {99},
  issue = {1},
  pages = {013311},
  year = {2019}
}

@article{Florin07,
author = {Leon, Florin and Curteanu, Silvia and Ta, Ca and Lin, Lisa and Hurduc, Nicolae},
year = {2007},
pages = {},
title = {Machine Learning Methods Used to Predict the Liquid-Crystalline Behavior of Some Copolyethers},
volume = {469},
journal = {Molecular Crystals and Liquid Crystals}
}

@article{Butnariu13,
author = {Butnariu, Cristina and Lisa, Catalin and Leon, Florin and Curteanu, Silvia},
title = {Prediction of liquid-crystalline property using support vector machine classification},
journal = {Journal of Chemometrics},
volume = {27},
number = {7-8},
pages = {179--188},
year = {2013}
}

@article{Doi19,
title = "Machine learning-aided analysis for complex local structure of liquid crystal polymers",
author = "Hideo Doi and Takahashi, {Kazuaki Z.} and Kenji Tagashira and Fukuda, {Jun ichi} and Takeshi Aoyagi",
year = "2019",
volume = "9",
journal = "Scientific Reports",
issn = "2045-2322"
}

@inproceedings{Abadi16,
  title={Tensorflow: A system for large-scale machine learning},
  author={Abadi, M and others},
  booktitle={12th $\{$USENIX$\}$ Symposium on Operating Systems Design and Implementation ($\{$OSDI$\}$ 16)},
  pages={265--283},
  year={2016}
}

@book{Gulli17,
  title={Deep learning with Keras},
  author={Gulli, Antonio and Pal, Sujit},
  year={2017},
  publisher={Packt Publishing Ltd}
}

@book{Cook12,
author = {Cook, Shane},
title = {CUDA Programming: A Developerâ€™s Guide to Parallel Computing with GPUs},
year = {2012},
publisher = {Morgan Kaufmann Publishers Inc.},
edition = {1st}
}

@article{Schacht95,
author = {Schacht, J. and Dierking, I. and Gie{\ss}elmann, F. and Mohr, K. and Zaschke, H. and Kuczy{\'n}ski, W. and Zugenmaier, P.},
year = {1995},
pages = {151--157},
title = {Mesomorphic properties of a homologous series of chiral liquid crystals containing the {$\alpha$}-chloroester group},
volume = {19},
journal = {Liquid Crystals}
}

@article{Dierking94,
author = {Dierking, I. and Gie{\ss}elmann, F. and K{\ss}erow, J. and Zugenmaier, P.},
year = {1994},
pages = {243--261},
title = {Properties of higher-ordered ferroelectric liquid crystal phases of a homologous series},
volume = {17},
journal = {Liquid Crystals}
}

@book{Goodfellow16,
title={Deep Learning},
author={Goodfellow, I. and Bengio, Y. and Courville, A.},
publisher={MIT Press},
year={2016}
}

@book{Murphy12,
title={Machine Learning: A Probabilistic Perspective},
author={Murphy, K.},
publisher={MIT Press},
year={2012}
}

@book{Dierking03,
title={Textures of Liquid Crystals},
author={Dierking, I.},
publisher={WILEY-VCH},
year={2003}
}

@book{Demus99,
title={Physical Properties of Liquid Crystals},
author={Demus, D. and others},
publisher={WILEY-VCH},
year={1999}
}

@article{Shrestha19,  
author={A. Shrestha and A. Mahmood},  
journal={IEEE Access},   
title={Review of Deep Learning Algorithms and Architectures},  
year={2019},  
volume={7},  
pages={53040-53065},  
}

@article{Voulodimos18,
author = {Voulodimos, Athanasios and Doulamis, Nikolaos and Doulamis, Anastasios and Protopapadakis, Eftychios and Andina, Diego},
title = {Deep Learning for Computer Vision: A Brief Review},
year = {2018},
volume = {2018},
issn = {1687-5265},
journal = {Intell. Neuroscience},
numpages = {13}
}

@misc{VideoLan06,
  title={VLC media player},
  author={VideoLan},
  year={2006},
  howpublished={\url{https://www.videolan.org/vlc/index.html}}
}